@article{weinberger2009distance,
  title={Distance metric learning for large margin nearest neighbor classification.},
  author={Weinberger, Kilian Q and Saul, Lawrence K},
  journal={Journal of Machine Learning Research},
  volume={10},
  number={2},
  year={2009}
}

@inproceedings{weinberger2006distance,
  title={Distance metric learning for large margin nearest neighbor classification},
  author={Weinberger, Kilian Q and Blitzer, John and Saul, Lawrence K},
  booktitle={Advances in Neural Information Processing Systems},
  pages={1473--1480},
  year={2006}
}

@article{dbart,
  title={Package `dbarts'},
  author={Dorie, Vincent and Chipman, Hugh and McCulloch, Robert and Dadgar, Armon and Team, R Core and Draheim, Guido U and Bosmans, Maarten and Tournayre, Christophe and Petch, Michael and de Lucena Valle, Rafael and others},
  year={2019}
}

@misc{git_malts,
  author = {Parikh, Harsh},
  title = {AME-pymalts},
  year = {2020},
  publisher = {GitHub},
  journal = {GitHub repository},
  howpublished = {\url{https://github.com/almost-matching-exactly/MALTS}},
  commit = {63b92dece189baff89a57ee9250b99826672778b}
}

@article{harsh2019acic,
    title={An Application of Matching After Learning To Stretch ({MALTS}) to the {ACIC} 2018 Causal Inference Challenge Data},
    author={Parikh, Harsh and Rudin, Cynthia and Volfovsky, Alexander},
    journal={Observational Studies},
    volume={5},
    pages={118--130},
    year={2019},
    publisher={Observational Studies}
}

@inproceedings{goldberger2005neighbourhood,
  title={Neighbourhood components analysis},
  author={Goldberger, Jacob and Hinton, Geoffrey E and Roweis, Sam T and Salakhutdinov, Ruslan R},
  booktitle={Advances in Neural Information Processing Systems},
  pages={513--520},
  year={2005}
}

@article{bellet2015robustness,
  title={Robustness and generalization for metric learning},
  author={Bellet, Aur{\'e}lien and Habrard, Amaury},
  journal={Neurocomputing},
  volume={151},
  pages={259--267},
  year={2015},
  publisher={Elsevier}
}

@article{hahn2017bayesian,
  title={Bayesian regression tree models for causal inference: regularization, confounding, and heterogeneous effects},
  author={Hahn, P Richard and Murray, Jared S and Carvalho, Carlos M},
  year={2017}
}
@article{iacus2012causal,
  title={Causal inference without balance checking: Coarsened exact matching},
  author={Iacus, Stefano M and King, Gary and Porro, Giuseppe},
  journal={Political analysis},
  volume={20},
  number={1},
  pages={1--24},
  year={2012},
  publisher={Cambridge University Press}
}

@article{friedman1991multivariate,
  title={Multivariate adaptive regression splines},
  author={Friedman, Jerome H},
  journal={The annals of statistics},
  pages={1--67},
  year={1991},
  publisher={JSTOR}
}

@article{hill2011bayesian,
  title={Bayesian nonparametric modeling for causal inference},
  author={Hill, Jennifer L},
  journal={Journal of Computational and Graphical Statistics},
  volume={20},
  number={1},
  pages={217--240},
  year={2011},
  publisher={Taylor \& Francis}
}

@article{belloni2014inference,
  title={Inference on treatment effects after selection among high-dimensional controls},
  author={Belloni, Alexandre and Chernozhukov, Victor and Hansen, Christian},
  journal={The Review of Economic Studies},
  volume={81},
  number={2},
  pages={608--650},
  year={2014},
  publisher={Oxford University Press}
}

@techreport{chernozhukov2016double,
  title={Double machine learning for treatment and causal parameters},
  author={Chernozhukov, Victor and Chetverikov, Denis and Demirer, Mert and Duflo, Esther and Hansen, Christian and Newey, Whitney K},
  year={2016},
  institution={cemmap working paper, Centre for Microdata Methods and Practice}
}

@InProceedings{pmlr-v54-kallus17a,
  title =    {{A Framework for Optimal Matching for Causal Inference}},
  author =   {Nathan Kallus},
  booktitle =    {Proceedings of the 20th International Conference on Artificial Intelligence and Statistics},
  pages =    {372--381},
  year =   {2017},
  editor =   {Aarti Singh and Jerry Zhu},
  volume =   {54},
  series =   {Proceedings of Machine Learning Research},
  address =    {Fort Lauderdale, FL, USA},
  month =    {20--22 Apr}
}

@article{MeliouGMS11,
  author    = {Alexandra Meliou and
               Wolfgang Gatterbauer and
               Katherine F. Moore and
               Dan Suciu},
  title     = {The Complexity of Causality and Responsibility for Query Answers and
               non-Answers},
  journal   = {{PVLDB}},
  volume    = {4},
  number    = {1},
  pages     = {34--45},
  year      = {2010}
}

@inproceedings{RoyS14,
  author    = {Sudeepa Roy and
               Dan Suciu},
  title     = {A formal approach to finding explanations for database queries},
  booktitle = {International Conference on Management of Data, {SIGMOD} 2014, Snowbird,
               UT, USA, June 22-27, 2014},
  pages     = {1579--1590},
  year      = {2014}
}

@article{SalimiCPS17,
  author    = {Babak Salimi and
               Corey Cole and
               Dan R. K. Ports and
               Dan Suciu},
  title     = {ZaliQL: Causal Inference from Observational Data at Scale},
  journal   = {{PVLDB}},
  volume    = {10},
  number    = {12},
  pages     = {1957--1960},
  year      = {2017}
}

@misc{USCensus1990,
title="{UCI Census Data}",
howpublished="https://archive.ics.uci.edu/ml/datasets/US+Census+Data+(1990)",
year="1990"
}

@article{MSSqlserver16,
title="https://www.microsoft.com/en-us/sql-server/sql-server-2016",
author="{Microsoft SQL Server}",
year = "2016"
}

@book{rubin2006matched,
  title={Matched sampling for causal effects},
  author={Rubin, Donald B},
  year={2006},
  publisher={Cambridge University Press}
}


@misc{Lichman:2013,
author = "M. Lichman",
year = "2013",
title = "{UCI} Machine Learning Repository",
url = "http://archive.ics.uci.edu/ml",
institution = "University of California, Irvine, School of Information and Computer Sciences" }

@article{ross2015propensity,
  title={Propensity score methods for analyzing observational data like randomized experiments: challenges and solutions for rare outcomes and exposures},
  author={Ross, Michelle E and Kreider, Amanda R and Huang, Yuan-Shung and Matone, Meredith and Rubin, David M and Localio, A Russell},
  journal={American journal of epidemiology},
  volume={181},
  number={12},
  pages={989--995},
  year={2015},
  publisher={Oxford Univ Press}
}

@ARTICLE{Rubin2005,
title = {Causal Inference Using Potential Outcomes: Design, Modeling, Decisions},
author = {Rubin, Donald B.},
year = {2005},
journal = {Journal of the American Statistical Association},
volume = {100},
pages = {322-331}
}

@article{wang2017flame,
  title={FLAME: A Fast Large-scale Almost Matching Exactly Approach to Causal Inference},
  author={Wang, Tianyu and Roy, Sudeepa and Rudin, Cynthia and Volfovsky, Alexander },
  journal={arXiv preprint arXiv:1707.06315},
  year={2017}
}

@article{DiengEtAl2018,
  title={Interpretable Almost-Exact Matching for Causal Inference},
  author={Dieng, Awa and Liu, Yameng and Roy, Sudeepa and Rudin, Cynthia and Volfovsky, Alexander},
  journal={Proceedings of Machine Learning Research (Proceedings of {AISTATS})},
  volume={89},
  pages={2445},
  year={2019},
  publisher={NIH Public Access}
}

@article{cauchemez2008estimating,
  title={Estimating the impact of school closure on influenza transmission from Sentinel data},
  author={Cauchemez, Simon and Valleron, Alain-Jacques and Boelle, Pierre-Yves and Flahault, Antoine and Ferguson, Neil M},
  journal={Nature},
  volume={452},
  number={7188},
  pages={750--754},
  year={2008},
  publisher={Nature Publishing Group}
}

@article{cauchemez2011role,
  title={Role of social networks in shaping disease transmission during a community outbreak of 2009 H1N1 pandemic influenza},
  author={Cauchemez, Simon and Bhattarai, Achuyt and Marchbanks, Tiffany L and Fagan, Ryan P and Ostroff, Stephen and Ferguson, Neil M and Swerdlow, David and and {the Pennsylvania H1N1 working group}},
  journal={Proceedings of the National Academy of Sciences},
  volume={108},
  number={7},
  pages={2825--2830},
  year={2011},
  publisher={National Acad Sciences}
}

@article{aiello2010mask,
  title={Mask use, hand hygiene, and seasonal influenza-like illness among young adults: a randomized intervention trial},
  author={Aiello, Allison E and Murray, Genevra F and Perez, Vanessa and Coulborn, Rebecca M and Davis, Brian M and Uddin, Monica and Shay, David K and Waterman, Stephen H and Monto, Arnold S},
  journal={Journal of Infectious Diseases},
  volume={201},
  number={4},
  pages={491--498},
  year={2010},
  publisher={Oxford University Press}
}

@article{rodriguez2009association,
  title={Association between school closure and subsequent absenteeism during a seasonal influenza epidemic},
  author={Rodriguez, Carla V and Rietberg, Krista and Baer, Atar and Kwan-Gett, Tao and Duchin, Jeffrey},
  journal={Epidemiology},
  volume={20},
  number={6},
  pages={787--792},
  year={2009},
  publisher={LWW}
}

@article{cole2010generalizing,
  title={Generalizing evidence from randomized clinical trials to target populations the actg 320 trial},
  author={Cole, Stephen R and Stuart, Elizabeth A},
  journal={American journal of epidemiology},
  volume={172},
  number={1},
  pages={107--115},
  year={2010},
  publisher={Oxford Univ Press}
}

@article{ferguson2006strategies,
  title={Strategies for mitigating an influenza pandemic},
  author={Ferguson, Neil M and Cummings, Derek AT and Fraser, Christophe and Cajka, James C and Cooley, Philip C and Burke, Donald S},
  journal={Nature},
  volume={442},
  number={7101},
  pages={448--452},
  year={2006},
  publisher={Nature Publishing Group}
}

@article{aledort2007non,
  title={Non-pharmaceutical public health interventions for pandemic influenza: an evaluation of the evidence base},
  author={Aledort, Julia E and Lurie, Nicole and Wasserman, Jeffrey and Bozzette, Samuel A},
  journal={BMC public health},
  volume={7},
  number={1},
  pages={208},
  year={2007},
  publisher={BioMed Central Ltd}
}

@article{bell2006non,
  title={Non-pharmaceutical interventions for pandemic influenza, international measures.},
  author={Bell, D and Nicoll, A and Fukuda, K and Horby, P and Monto, A and Hayden, F and Wylks, C and Sanders, L and Van Tam, J},
  journal={Emerging infectious diseases},
  volume={12},
  number={1},
  pages={81--87},
  year={2006}
}

@article{edmunds2006mixing,
  title={Mixing patterns and the spread of close-contact infectious diseases},
  author={Edmunds, WJ and Kafatos, G and Wallinga, J and Mossong, JR},
  journal={Emerging themes in epidemiology},
  volume={3},
  number={1},
  pages={1},
  year={2006},
  publisher={BioMed Central}
}

@article{mossong2008social,
  title={Social contacts and mixing patterns relevant to the spread of infectious diseases},
  author={Mossong, Jo{\"e}l and Hens, Niel and Jit, Mark and Beutels, Philippe and Auranen, Kari and Mikolajczyk, Rafael and Massari, Marco and Salmaso, Stefania and Tomba, Gianpaolo Scalia and Wallinga, Jacco and Heijne, Janneke and Sadkowska-Todys, Malgorzata and Rosinska, Magdalena  and Edmunds, W. John 
  },
  journal={PLoS Med},
  volume={5},
  number={3},
  pages={e74},
  year={2008},
  publisher={Public Library of Science}
}
@article{melegaro2011types,
  title={What types of contacts are important for the spread of infections? Using contact survey data to explore European mixing patterns},
  author={Melegaro, Alessia and Jit, Mark and Gay, Nigel and Zagheni, Emilio and Edmunds, W John},
  journal={Epidemics},
  volume={3},
  number={3},
  pages={143--151},
  year={2011},
  publisher={Elsevier}
}


@article{eames2010impact,
  title={The impact of illness and the impact of school closure on social contact patterns},
  author={Eames, KT and Tilston, NL and White, PJ and Adams, E and Edmunds, WJ},
  journal={Health Technol Assess},
  volume={14},
  number={34},
  pages={267--312},
  year={2010}
}

@article{van2013impact,
  title={The impact of illness on social networks: implications for transmission and control of influenza},
  author={Van Kerckhove, Kim and Hens, Niel and Edmunds, W John and Eames, Ken TD},
  journal={American journal of epidemiology},
  volume={178},
  number={11},
  pages={1655--1662},
  year={2013},
  publisher={Oxford Univ Press}
}

@article{jefferson2011physical,
  title={Physical interventions to interrupt or reduce the spread of respiratory viruses},
  author={Jefferson, Tom and Del Mar, Chris B and Dooley, Liz and Ferroni, Eliana and Al-Ansary, Lubna A and Bawazeer, Ghada A and van Driel, Mieke L and Nair, Sreekumaran and Jones, Mark A and Thorning, Sarah and John M Conly},
  journal={The Cochrane Library},
  year={2011},
  publisher={Wiley Online Library}
}


@article{ball2002general,
  title={A general model for stochastic SIR epidemics with two levels of mixing},
  author={Ball, Frank and Neal, Peter},
  journal={Mathematical biosciences},
  volume={180},
  number={1},
  pages={73--102},
  year={2002},
  publisher={Elsevier}
}

@Article{pmid25756221,
   Author="Mooney, S. J.  and Westreich, D. J.  and El-Sayed, A. M. ",
   Title="{{C}ommentary: {E}pidemiology in the era of big data}",
   Journal="Epidemiology",
   Year="2015",
   Volume="26",
   Number="3",
   Pages="390--394",
   Month="May"
}

% 24077000 
@Article{pmid24077000,
   Author="Chiolero, A. ",
   Title="{{B}ig data in epidemiology: too big to fail?}",
   Journal="Epidemiology",
   Year="2013",
   Volume="24",
   Number="6",
   Pages="938--939",
   Month="Nov"
}
@Article{pmid26092722,
   Author="Pfeiffer, D. U.  and Stevens, K. B. ",
   Title="{{S}patial and temporal epidemiological analysis in the {B}ig {D}ata era}",
   Journal="Prev. Vet. Med.",
   Year="2015",
   Volume="122",
   Number="1-2",
   Pages="213--220",
   Month="Nov"
}



@manual{postgresql,
  title={PostgreSQL},
  author={PostgreSQL},
  year={2016},
  publisher={PostgreSQL},
  url={http://www.postgresql.org}
}

@manual{msftsql,
  title={Microsoft SQL Server},
  author={{Microsoft SQL Server}},
  year={2016},
  publisher={Microsoft},
  url={https://www.microsoft.com/en-us/cloud-platform/sql-server}
}
@article{rosenbaum1985constructing,
  title={Constructing a control group using multivariate matched sampling methods that incorporate the propensity score},
  author={Rosenbaum, Paul R and Rubin, Donald B},
  journal={The American Statistician},
  volume={39},
  number={1},
  pages={33--38},
  year={1985},
  publisher={Taylor \& Francis Group}
}

@article{rosenbaum1983central,
  title={The central role of the propensity score in observational studies for causal effects},
  author={Rosenbaum, Paul R and Rubin, Donald B},
  journal={Biometrika},
  volume={70},
  number={1},
  pages={41--55},
  year={1983},
  publisher={Biometrika Trust}
}

@article{rubin1973use,
  title={The use of matched sampling and regression adjustment to remove bias in observational studies},
  author={Rubin, Donald B},
  journal={Biometrics},
  pages={185--203},
  year={1973},
  publisher={JSTOR}
}


@Manual{dplyr2015,
    title = {dplyr: A Grammar of Data Manipulation},
    author = {Hadley Wickham and Romain Francois},
    year = {2015},
    note = {R package version 0.4.3},
    url = {https://CRAN.R-project.org/package=dplyr}
    }


@article{imbens2000role,
  title={The role of the propensity score in estimating dose-response functions},
  author={Imbens, Guido W},
  journal={Biometrika},
  volume={87},
  number={3},
  pages={706--710},
  year={2000},
  publisher={Biometrika Trust}
}


  @Article{matchit2011,
    title = {{MatchIt}: Nonparametric Preprocessing for Parametric Causal Inference},
    author = {Daniel E. Ho and Kosuke Imai and Gary King and Elizabeth A. Stuart},
    journal = {Journal of Statistical Software},
    year = {2011},
    volume = {42},
    number = {8},
    pages = {1--28}
  }

@article{rubin1976multivariate,
  title={Multivariate matching methods that are equal percent bias reducing, I: Some examples},
  author={Rubin, Donald B},
  journal={Biometrics},
  pages={109--120},
  year={1976}
}

@article{cochran1973controlling,
  title={Controlling bias in observational studies: A review},
  author={Cochran, William G and Rubin, Donald B},
  journal={Sankhy{\=a}: The Indian Journal of Statistics, Series A},
  pages={417--446},
  year={1973}
}

@article{rubin1973matching,
  title={Matching to remove bias in observational studies},
  author={Rubin, Donald B},
  journal={Biometrics},
  pages={159--183},
  year={1973}
}

@article{rubin1974estimating,
  title={Estimating causal effects of treatments in randomized and nonrandomized studies.},
  author={Rubin, Donald B},
  journal={Journal of educational Psychology},
  volume={66},
  number={5},
  pages={688},
  year={1974},
  publisher={American Psychological Association}
}

@article{rosenbaum1984reducing,
  title={Reducing bias in observational studies using subclassification on the propensity score},
  author={Rosenbaum, Paul R and Rubin, Donald B},
  journal={Journal of the American statistical Association},
  volume={79},
  number={387},
  pages={516--524},
  year={1984},
  publisher={Taylor \& Francis Group}
}

@article{rubin2011causal,
  title={Causal inference using potential outcomes},
  author={Rubin, Donald B},
  journal={Journal of the American Statistical Association},
  year={2011},
  publisher={Taylor \& Francis}
}


@article{holland1986statistics,
  title={Statistics and causal inference},
  author={Holland, Paul W},
  journal={Journal of the American statistical Association},
  volume={81},
  number={396},
  pages={945--960},
  year={1986},
  publisher={Taylor \& Francis}
}

@article{belloni2014inference,
  title={Inference on treatment effects after selection among high-dimensional controls},
  author={Belloni, Alexandre and Chernozhukov, Victor and Hansen, Christian},
  journal={The Review of Economic Studies},
  volume={81},
  number={2},
  pages={608--650},
  year={2014},
  publisher={Oxford University Press}
}

@article{bottou2013counterfactual,
  title={Counterfactual reasoning and learning systems: the example of computational advertising.},
  author={Bottou, L{\'e}on and Peters, Jonas and Candela, Joaquin Quinonero and Charles, Denis Xavier and Chickering, Max and Portugaly, Elon and Ray, Dipankar and Simard, Patrice Y and Snelson, Ed},
  journal={Journal of Machine Learning Research},
  volume={14},
  number={1},
  pages={3207--3260},
  year={2013}
}

@article{dasgupta2015causal,
  title={Causal inference from 2K factorial designs by using potential outcomes},
  author={Dasgupta, Tirthankar and Pillai, Natesh S and Rubin, Donald B},
  journal={Journal of the Royal Statistical Society: Series B (Statistical Methodology)},
  volume={77},
  number={4},
  pages={727--753},
  year={2015},
  publisher={Wiley Online Library}
}

@article{farrell2015robust,
  title={Robust inference on average treatment effects with possibly more covariates than observations},
  author={Farrell, Max H},
  journal={Journal of Econometrics},
  volume={189},
  number={1},
  pages={1--23},
  year={2015},
  publisher={Elsevier}
}

@article{hu2014estimation,
  title={Estimation of mean response via the effective balancing score},
  author={Hu, Zonghui and Follmann, Dean A and Wang, Naisyin},
  journal={Biometrika},
  pages={asu022},
  year={2014},
  publisher={Biometrika Trust}
}
@article{imai2013estimating,
  title={Estimating treatment effect heterogeneity in randomized program evaluation},
  author={Imai, Kosuke and Ratkovic, Marc},
  journal={The Annals of Applied Statistics},
  volume={7},
  number={1},
  pages={443--470},
  year={2013},
  publisher={Institute of Mathematical Statistics}
}
@article{rassen2012using,
  title={Using high-dimensional propensity scores to automate confounding control in a distributed medical product safety surveillance system},
  author={Rassen, Jeremy A and Schneeweiss, Sebastian},
  journal={Pharmacoepidemiology and drug safety},
  volume={21},
  number={S1},
  pages={41--49},
  year={2012},
  publisher={Wiley Online Library}
}

@article{rubin2000combining,
  title={Combining propensity score matching with additional adjustments for prognostic covariates},
  author={Rubin, Donald B and Thomas, Neal},
  journal={Journal of the American Statistical Association},
  volume={95},
  number={450},
  pages={573--585},
  year={2000},
  publisher={Taylor \& Francis Group}
}

@article{schneeweiss2009high,
  title={High-dimensional propensity score adjustment in studies of treatment effects using health care claims data},
  author={Schneeweiss, Sebastian and Rassen, Jeremy A and Glynn, Robert J and Avorn, Jerry and Mogun, Helen and Brookhart, M Alan},
  journal={Epidemiology (Cambridge, Mass.)},
  volume={20},
  number={4},
  pages={512},
  year={2009},
  publisher={NIH Public Access}
}

@article{tian2014simple,
  title={A simple method for estimating interactions between a treatment and a large number of covariates},
  author={Tian, Lu and Alizadeh, Ash A and Gentles, Andrew J and Tibshirani, Robert},
  journal={Journal of the American Statistical Association},
  volume={109},
  number={508},
  pages={1517--1532},
  year={2014},
  publisher={Taylor \& Francis}
}

@article{iacus2011causal,
  title={Causal inference without balance checking: Coarsened exact matching},
  author={Iacus, Stefano M and King, Gary and Porro, Giuseppe},
  journal={Political analysis},
  pages={mpr013},
  year={2011},
  publisher={SPM-PMSAPSA}
}

@article{iacus2011multivariate,
  title={Multivariate matching methods that are monotonic imbalance bounding},
  author={Iacus, Stefano M and King, Gary and Porro, Giuseppe},
  journal={Journal of the American Statistical Association},
  volume={106},
  number={493},
  pages={345--361},
  year={2011},
  publisher={Taylor \& Francis}
}

@article{king2011comparative,
  title={Comparative effectiveness of matching methods for causal inference},
  author={King, Gary and Nielsen, Richard and Coberley, Carter and Pope, James E and Wells, Aaron},
  journal={Unpublished manuscript},
  volume={15},
  year={2011}
}

@article{zubizarreta2012using,
  title={Using mixed integer programming for matching in an observational study of kidney failure after surgery},
  author={Zubizarreta, Jos{\'e} R},
  journal={Journal of the American Statistical Association},
  volume={107},
  number={500},
  pages={1360--1371},
  year={2012},
  publisher={Taylor \& Francis}
}


@article{zubizarreta2014matching,
  title={Matching for balance, pairing for heterogeneity in an observational study of the effectiveness of for-profit and not-for-profit high schools in {C}hile},
  author={Zubizarreta, Jos{\'e} R and Paredes, Ricardo D and Rosenbaum, Paul R},
  journal={The Annals of Applied Statistics},
  volume={8},
  number={1},
  pages={204--231},
  year={2014},
  publisher={Institute of Mathematical Statistics}
}

@article{zubizarreta2015stable,
  title={Stable weights that balance covariates for estimation with incomplete outcome data},
  author={Zubizarreta, Jos{\'e} R},
  journal={Journal of the American Statistical Association},
  volume={110},
  number={511},
  pages={910--922},
  year={2015},
  publisher={Taylor \& Francis}
}

@article{fogarty2015discrete,
  title={Discrete optimization for interpretable study populations and randomization inference in an observational study of severe sepsis mortality},
  author={Fogarty, Colin B and Mikkelsen, Mark E and Gaieski, David F and Small, Dylan S},
  journal={Journal of the American Statistical Association},
  pages={1--38},
  year={2015},
  publisher={Taylor \& Francis}
}

@ARTICLE{zhao2004,
title = {Using Matching to Estimate Treatment Effects: Data Requirements, Matching Metrics, and Monte Carlo Evidence},
author = {Zhao, Zhong},
year = {2004},
journal = {The Review of Economics and Statistics},
volume = {86},
number = {1},
pages = {91-107},
abstract = {We compare propensity-score matching methods with covariatematching estimators. We first discuss the data requirements of propensity-score matching estimators and covariate matching estimators. Then we propose two new matching metrics incorporating the treatment outcome information and participation indicator information, and discuss the motivations of different metrics. Next we study the small-sample properties of propensity-score matching versus covariate matching estimators, and of different matching metrics, through Monte Carlo experiments. Through a series of simulations, we provide some guidance to practitioners on how to choose among different matching estimators and matching metrics. 2004 President and Fellows of Harvard College and the Massachusetts Institute of Technology.},
url = {https://EconPapers.repec.org/RePEc:tpr:restat:v:86:y:2004:i:1:p:91-107}
}

@article{imbens2004nonparametric,
  title={Nonparametric estimation of average treatment effects under exogeneity: A review},
  author={Imbens, Guido W},
  journal={Review of Economics and statistics},
  volume={86},
  number={1},
  pages={4--29},
  year={2004},
  publisher={MIT Press}
}

@article{gu1993,
author = { Xing   Sam   Gu  and  Paul R.   Rosenbaum },
title = {Comparison of Multivariate Matching Methods: Structures, Distances, and Algorithms},
journal = {Journal of Computational and Graphical Statistics},
volume = {2},
number = {4},
pages = {405-420},
year  = {1993},
publisher = {Taylor & Francis},
doi = {10.1080/10618600.1993.10474623},

URL = { 
        https://www.tandfonline.com/doi/abs/10.1080/10618600.1993.10474623
    
},
eprint = { 
        https://www.tandfonline.com/doi/pdf/10.1080/10618600.1993.10474623
    
}

}

@article{sauppe2014complexity,
  title={Complexity and approximation results for the Balance Optimization Subset Selection model for causal inference in observational studies},
  author={Sauppe, Jason J and Jacobson, Sheldon H and Sewell, Edward C},
  journal={INFORMS Journal on Computing},
  volume={26},
  number={3},
  pages={547--566},
  year={2014},
  publisher={INFORMS}
}

@article{keele2014optimal,
  title={Optimal Multilevel Matching in Clustered Observational Studies: A Case Study of the School Voucher System in {C}hile},
  author={Keele, Luke and Zubizarreta, Jose R},
  journal={arXiv preprint arXiv:1409.8597},
  year={2014}
}

@article{rosenbaum2016imposing,
  title={Imposing minimax and quantile constraints on optimal matching in observational studies},
  author={Rosenbaum, Paul R},
  journal={Journal of Computational and Graphical Statistics},
  number={just-accepted},
  year={2016},
  publisher={Taylor \& Francis}
}

@article{resa2016evaluation,
  title={Evaluation of subset matching methods and forms of covariate balance},
  author={Resa, Mar{\'\i}a and Zubizarreta, Jos{\'e} R},
  journal={Statistics in Medicine},
  year={2016},
  publisher={Wiley Online Library}
}

@article{fan2015bayesian,
  title={Bayesian Models for Heterogeneous Personalized Health Data},
  author={Fan, Kai and Aiello, Allison E and Heller, Katherine A},
  journal={arXiv preprint arXiv:1509.00110},
  year={2015}
}

@inproceedings{fan2015hierarchical,
  title={Hierarchical graph-coupled hmms for heterogeneous personalized health data},
  author={Fan, Kai and Eisenberg, Marisa and Walsh, Alison and Aiello, Allison and Heller, Katherine},
  booktitle={Proceedings of the 21th ACM SIGKDD International Conference on Knowledge Discovery and Data Mining},
  pages={239--248},
  year={2015},
  organization={ACM}
}

@article{aiello2016design,
title = "Design and methods of a social network isolation study for reducing respiratory infection transmission: The eX-FLU cluster randomized trial ",
journal = "Epidemics ",
volume = "15",
number = "",
pages = "38 - 55",
year = "2016",
note = "",
issn = "1755-4365",
url = "http://www.sciencedirect.com/science/article/pii/S1755436516000025",
author = "Allison E. Aiello and Amanda M. Simanek and Marisa C. Eisenberg and Alison R. Walsh and Brian Davis and Erik Volz and Caroline Cheng and Jeanette J. Rainey and Amra Uzicanin and Hongjiang Gao and Nathaniel Osgood and Dylan Knowles and Kevin Stanley and Kara Tarter and Arnold S. Monto",
keywords = "Social network",
keywords = "Influenza",
keywords = "Respiratory infection",
keywords = "Social distancing",
keywords = "Isolation "
}


@inproceedings{aiello2015using,
  title={Using social networks and smart phones to uncover the social determinants of respiratory infection transmission},
  author={Aiello, Allison},
  booktitle={143rd APHA Annual Meeting and Expo (Oct. 31-Nov. 4, 2015)},
  year={2015},
  organization={APHA}
}

@article{rubin1992characterizing,
  title={Characterizing the effect of matching using linear propensity score methods with normal distributions},
  author={Rubin, Donald B and Thomas, Neal},
  journal={Biometrika},
  volume={79},
  number={4},
  pages={797--809},
  year={1992},
  publisher={Biometrika Trust}
}

@article{heckman1998matching,
  title={Matching as an econometric evaluation estimator},
  author={Heckman, James J and Ichimura, Hidehiko and Todd, Petra},
  journal={The Review of Economic Studies},
  volume={65},
  number={2},
  pages={261--294},
  year={1998},
  publisher={Oxford University Press}
}

@article{glazerman2003nonexperimental,
  title={Nonexperimental versus experimental estimates of earnings impacts},
  author={Glazerman, Steven and Levy, Dan M and Myers, David},
  journal={The Annals of the American Academy of Political and Social Science},
  volume={589},
  number={1},
  pages={63--93},
  year={2003},
  publisher={Sage Publications}
}

@article{hill2004comparison,
  title={A comparison of experimental and observational data analyses},
  author={Hill, Jennifer L and Reiter, Jerome P and Zanutto, Elaine L},
  journal={Applied Bayesian modeling and causal inference from incomplete-data perspectives: An essential journey with Donald Rubin's statistical family},
  pages={49--60},
  year={2004},
  publisher={Wiley Online Library}
}

@article{shadish2008can,
  title={Can nonrandomized experiments yield accurate answers? A randomized experiment comparing random and nonrandom assignments},
  author={Shadish, William R and Clark, Margaret H and Steiner, Peter M},
  journal={Journal of the American Statistical Association},
  volume={103},
  number={484},
  pages={1334--1344},
  year={2008},
  publisher={Taylor \& Francis}
}

@article{brookhart2006variable,
  title={Variable selection for propensity score models},
  author={Brookhart, M Alan and Schneeweiss, Sebastian and Rothman, Kenneth J and Glynn, Robert J and Avorn, Jerry and St{\"u}rmer, Til},
  journal={American journal of epidemiology},
  volume={163},
  number={12},
  pages={1149--1156},
  year={2006},
  publisher={Oxford Univ Press}
}

@article {ImaKinStu08misunderstanding,
  title = {Misunderstandings Among Experimentalists and Observationalists about Causal Inference},
  journal = {Journal of the Royal Statistical Society, Series A},
  volume = {171, part 2},
  year = {2008},
  pages = {481{\textendash}502},
  author = {Kosuke Imai and Gary King and Elizabeth Stuart}
}

@article{Neyman1923,
  author = {Jerzy Splawa-Neyman, D. M. Dabrowska, T. P. Speed},
 journal = {Statistical Science},
 number = {4},
 pages = {465-472},
 publisher = {Institute of Mathematical Statistics},
 title = {On the Application of Probability Theory to Agricultural Experiments. Essay on Principles. Section 9.},
 volume = {5},
 year = {1990}
}



@article{basse2016observational,
  title={Observational studies with unknown time of treatment},
  author={Basse, Guillaume W and Volfovsky, Alexander and Airoldi, Edoardo M},
  journal={arXiv preprint arXiv:1601.04083},
  year={2016}
}

@article{volfovsky2014testing,
  title={Testing for nodal dependence in relational data matrices},
  author={Volfovsky, Alexander and Hoff, Peter D},
  journal={Journal of the American Statistical Association},
  number={just-accepted},
  pages={00--00},
  year={2015},
  publisher={Taylor \& Francis}
}

@article{aronow2015clusterrobust, 
  title = {Cluster-Robust Variance Estimation for Dyadic Data}, 
  author = {Aronow, Peter M., and Samii, Cyrus, and Assenova, Valentina A.}, 
  journal = {arXiv 1312.3398}, 
  year = {2015}}

@article{manski2013identification,
  title={Identification of treatment response with social interactions},
  author={Manski, Charles F},
  journal={The Econometrics Journal},
  volume={16},
  number={1},
  pages={S1--S23},
  year={2013},
  publisher={Wiley Online Library}
}

@article{rosenbaum2012interference,
  title={Interference between units in randomized experiments},
  author={Rosenbaum, Paul R},
  journal={Journal of the American Statistical Association},
  year={2012},
  publisher={Taylor \& Francis}
}

@article{sobel2006randomized,
  title={What do randomized studies of housing mobility demonstrate? Causal inference in the face of interference},
  author={Sobel, Michael E},
  journal={Journal of the American Statistical Association},
  volume={101},
  number={476},
  pages={1398--1407},
  year={2006},
  publisher={Taylor \& Francis}
}

@inproceedings{ugander2013graph,
  title={Graph cluster randomization: Network exposure to multiple universes},
  author={Ugander, Johan and Karrer, Brian and Backstrom, Lars and Kleinberg, Jon},
  booktitle={Proceedings of the 19th ACM SIGKDD international conference on Knowledge discovery and data mining},
  pages={329--337},
  year={2013},
  organization={ACM}
}

@article{eckles2014design,
  title={Design and analysis of experiments in networks: Reducing bias from interference},
  author={Eckles, Dean and Karrer, Brian and Ugander, Johan},
  journal={arXiv preprint arXiv:1404.7530},
  year={2014}
}

@inproceedings{bakshy2012social,
  title={Social influence in social advertising: Evidence from field experiments},
  author={Bakshy, Eytan and Eckles, Dean and Yan, Rong and Rosenn, Itamar},
  booktitle={Proceedings of the 13th ACM Conference on Electronic Commerce},
  pages={146--161},
  year={2012},
  organization={ACM}
}

@article{eckles2016estimating,
  title={Estimating peer effects in networks with peer encouragement designs},
  author={Eckles, Dean and Kizilcec, Ren{\'e} F and Bakshy, Eytan},
  journal={Proceedings of the National Academy of Sciences},
  volume={113},
  number={27},
  pages={7316--7322},
  year={2016},
  publisher={National Acad Sciences}
}

@article{basse2015optimal,
  title={Optimal design of experiments in the presence of network-correlated outcomes},
  author={Basse, Guillaume W and Airoldi, Edoardo M},
  journal={arXiv preprint arXiv:1507.00803},
  year={2015}
}


@book{chapin1947experimental,
  title={Experimental Designs in Sociological Research},
  author={Chapin, F.S.},
  url={https://books.google.com/books?id=DoMRngEACAAJ},
  year={1947},
  publisher={Harper; New York}
}

@book{greenwood1945experimental,
  title={Experimental sociology: A study in method},
  author={Greenwood, Ernest},
  year={1945},
  publisher={King's crown Press}
}


@article{hudgens2008toward,
  title={Toward Causal Inference With Interference},
  author={Hudgens, Michael G and Halloran, M Elizabeth},
  journal={Journal of the American Statistical Association},
  volume={103},
  number={482},
  pages={832--842},
  year={2008},
  publisher={Taylor \& Francis}
}

@article{tchetgen2012causal,
  title={On causal inference in the presence of interference},
  author={Tchetgen, Eric J Tchetgen and VanderWeele, Tyler J},
  journal={Statistical Methods in Medical Research},
  volume={21},
  number={1},
  pages={55--75},
  year={2012},
  publisher={Sage Publications}
}

@article{fan2015discoveries,
  title={Are Discoveries Spurious? Distributions of Maximum Spurious Correlations and Their Applications},
  author={Fan, Jianqing and Shao, Qi-Man and Zhou, Wen-Xin},
  journal={arXiv preprint arXiv:1502.04237},
  year={2015}
}

@article{aral2013engineering,
  title={Engineering social contagions: Optimal network seeding in the presence of homophily},
  author={Aral, Sinan and Muchnik, Lev and Sundararajan, Arun},
  journal={Network Science},
  volume={1},
  number={02},
  pages={125--153},
  year={2013},
  publisher={Cambridge Univ Press}
}

@techreport{athey2015exact,
  title={Exact p-values for network interference},
  author={Athey, Susan and Eckles, Dean and Imbens, Guido W},
  year={2015},
  institution={National Bureau of Economic Research}
}
@unpublished{AlamRu15,
author={Noor-E-Alam, M. and  Rudin, C.},
title={Robust Testing for Causal Inference in Natural Experiments},
journal={Working paper},
year={2015},
}

@unpublished{AlamRu15nonparam,
author={Noor-E-Alam, M. and  Rudin, C.},
title={Robust Nonparametric Testing for Causal Inference in Natural Experiments},
note={Working paper},
year={2015}
}
@article{aral2009distinguishing,
  title={Distinguishing influence-based contagion from homophily-driven diffusion in dynamic networks},
  author={Aral, Sinan and Muchnik, Lev and Sundararajan, Arun},
  journal={Proceedings of the National Academy of Sciences},
  volume={106},
  number={51},
  pages={21544--21549},
  year={2009},
  publisher={National Acad Sciences}
}



@article{volfovsky2016sharp,
  title={Sharp total variation bounds for finitely exchangeable arrays},
  author={Volfovsky, Alexander and Airoldi, Edoardo M},
  journal={Statistics \& Probability Letters},
  volume={114},
  pages={54--59},
  year={2016},
  publisher={North-Holland}
}

@article{sussman2015analyzing,
  title={Analyzing statistical and computational tradeoffs of estimation procedures},
  author={Sussman, Daniel L and Volfovsky, Alexander and Airoldi, Edoardo M},
  journal={arXiv preprint arXiv:1506.07925},
  year={2015}
}

@article{volfovsky2015causal,
  title={Causal inference for ordinal outcomes},
  author={Volfovsky, Alexander and Airoldi, Edoardo M and Rubin, Donald B},
  journal={arXiv preprint arXiv:1501.01234},
  year={2015}
}

@incollection{ogburn2016bigdata,
  author    = {Elizabeth L. Ogburn and
               Alexander Volfovsky},
  title     = {Statistics for networks and causal inference},
  booktitle = {Handbook of Big Data.},
  pages     = {171--190},
  year      = {2016}
}

@article{toulis2015causaleffect,
  title={Causal effects of professional networking on labor mobility},
  author={Toulis, Panos and Volfovsky, Alexander, and Airoldi, Edoardo},
  journal={unpublished manuscript},
  year={2015}
}

@article{joffe1999invited,
  title={Invited commentary: propensity scores},
  author={Joffe, Marshall M and Rosenbaum, Paul R},
  journal={American journal of epidemiology},
  volume={150},
  number={4},
  pages={327--333},
  year={1999},
  publisher={Oxford Univ Press}
}

@article{stuart2010matching,
  title={Matching methods for causal inference: A review and a look forward},
  author={Stuart, Elizabeth A},
  journal={Statistical Science},
  volume={25},
  number={1},
  pages={1},
  year={2010},
  publisher={NIH Public Access}
}



@article{rubin2001using,
  title={Using propensity scores to help design observational studies: application to the tobacco litigation},
  author={Rubin, Donald B},
  journal={Health Services and Outcomes Research Methodology},
  volume={2},
  number={3-4},
  pages={169--188},
  year={2001},
  publisher={Springer}
}
@article{rubin2008objective,
  title={For objective causal inference, design trumps analysis},
  author={Rubin, Donald B},
  journal={The Annals of Applied Statistics},
  pages={808--840},
  year={2008}
}

@article{rubin1996matching,
  title={Matching using estimated propensity scores: relating theory to practice},
  author={Rubin, Donald B and Thomas, Neal},
  journal={Biometrics},
  pages={249--264},
  year={1996}
}

@article{ahmed2006heart,
  title={Heart failure, chronic diuretic use, and increase in mortality and hospitalization: an observational study using propensity score methods},
  author={Ahmed, Ali and Husain, Ahsan and Love, Thomas E and Gambassi, Giovanni and Dell'Italia, Louis J and Francis, Gary S and Gheorghiade, Mihai and Allman, Richard M and Meleth, Sreelatha and Bourge, Robert C},
  journal={European heart journal},
  volume={27},
  number={12},
  pages={1431--1439},
  year={2006},
  publisher={Eur Soc Cardiology}
}

@article{jagadeesan2016graphcolor,
title={Design and analysis of randomized experiments in networks with interference},
author={Jagadeesan, Ravi and Pillai, Natesh, and Volfovsky, Alexander},
journal={unpublished manuscript},
year={2016}}

@article{GohRu15,
    author    = "Siong Thye Goh and Cynthia Rudin",
    title     = "Cascaded High Dimensional Histograms: An Approach to Interpretable Density Estimation for Categorical Data",
   journal="ArXiv",
     year      = "2015"
}
@article{wang2015or,
  title={Or's of And's for Interpretable Classification, with Application to Context-Aware Recommender Systems},
  author={Wang, Tong and Rudin, Cynthia and Doshi-Velez, Finale and Liu, Yimin and Klampfl, Erica and MacNeille, Perry},
  journal={arXiv preprint arXiv:1504.07614},
  year={2015}
}


@article{fosdick2014separable,
  title={Separable factor analysis with applications to mortality data},
  author={Fosdick, Bailey K and Hoff, Peter D},
  journal={The annals of applied statistics},
  volume={8},
  number={1},
  pages={120},
  year={2014},
  publisher={NIH Public Access}
}

@article{RudinLeMa13, 
  title={Learning Theory Analysis for Association Rules and Sequential Event Prediction},
  author={Cynthia Rudin and Benjamin Letham and David Madigan},
  journal={Journal of Machine Learning Research},
  volume={14},
  pages={3384--3436},
    year      = "2013"
}
	
	

@article{ErtekinRu11,
author=  {\c{S}eyda Ertekin and Cynthia Rudin},
title = {On Equivalence Relationships Between Classification and Ranking Algorithms},
journal={Journal of Machine Learning Research},
volume={12},
pages={2905--2929}, 
year={2011}
}

@article{ChangEtAl2012,
    author    = {Allison Chang and Cynthia Rudin and Michael Cavaretta and Robert Thomas and Gloria Chou},
    title     = "How to Reverse-Engineer Quality Rankings",
    journal = "Machine Learning",
    month={September},
    volume={88},
    issue={3},
    pages={369--398},
    year      = {2012}
}

@article{doi:10.1111/j.1468-0262.2006.00655.x,
author = {Abadie, Alberto and Imbens, Guido W.},
title = {Large Sample Properties of Matching Estimators for Average Treatment Effects},
journal = {Econometrica},
volume = {74},
number = {1},
pages = {235-267},
keywords = {Matching estimators, average treatment effects, unconfoundedness, selection on observables, potential outcomes},
doi = {10.1111/j.1468-0262.2006.00655.x},
url = {https://onlinelibrary.wiley.com/doi/abs/10.1111/j.1468-0262.2006.00655.x},
eprint = {https://onlinelibrary.wiley.com/doi/pdf/10.1111/j.1468-0262.2006.00655.x},
abstract = {Matching estimators for average treatment effects are widely used in evaluation research despite the fact that their large sample properties have not been established in many cases. The absence of formal results in this area may be partly due to the fact that standard asymptotic expansions do not apply to matching estimators with a fixed number of matches because such estimators are highly nonsmooth functionals of the data. In this article we develop new methods for analyzing the large sample properties of matching estimators and establish a number of new results. We focus on matching with replacement with a fixed number of matches. First, we show that matching estimators are not N1/2-consistent in general and describe conditions under which matching estimators do attain N1/2-consistency. Second, we show that even in settings where matching estimators are N1/2-consistent, simple matching estimators with a fixed number of matches do not attain the semiparametric efficiency bound. Third, we provide a consistent estimator for the large sample variance that does not require consistent nonparametric estimation of unknown functions. Software for implementing these methods is available in Matlab, Stata, and R.},
year = {2006}
}


@article{McCormickRuMa12, 
  title={Bayesian Hierarchical Modeling for Predicting Medical Conditions},
  author={Tyler H. McCormick and Cynthia Rudin and David Madigan},
  journal={The Annals of Applied Statistics},
  year={2012},
  volume={6},
  number={2},
  pages={652--668}
}

@article{TulabandhulaRu13,
  author  = {Theja Tulabandhula and Cynthia Rudin},
  title   = {Machine Learning with Operational Costs},
  journal = {Journal of Machine Learning Research},
  year    = {2013},
  volume  = {14},
  pages   = {1989-2028},
  url     = {http://jmlr.org/papers/v14/tulabandhula13a.html}
}

@inproceedings{TulabandhulaRuISAIM14RO,
title={Robust Optimization using Machine Learning for Uncertainty Sets},
author={Theja Tulabandhula and Cynthia Rudin},
booktitle={Proceedings of the International Symposium on Artificial Intelligence and Mathematics (ISAIM)},
year={2014}
}

@article{TulabandhulaRu14,
year={2014},
journal={Machine Learning},
title={Generalization bounds for learning with linear, polygonal, quadratic and conic side knowledge},
publisher={Springer US},
author={Tulabandhula, Theja and Rudin, Cynthia},
pages={1-34}
}

@article{TulabandhulaRu14MLJ,
  author    = {Theja Tulabandhula and Cynthia Rudin},
  title     = {On Combining Machine Learning with Decision Making},
  journal = {Machine Learning (ECML-PKDD journal track)},
  year      = {2014},
  volume     = {97},
number={1-2},
pages={33-64}
 }

@article{LethamRuMcMa15,
    author    = "Benjamin Letham and Cynthia Rudin and Tyler H. McCormick and David Madigan",
    title     = "Interpretable classifiers using rules and Bayesian analysis: Building a better stroke prediction model",
   journal="Annals of Applied Statistics",
     year      = "2015",
     volume = "9",
     number="3",
     pages={1350--1371}
}
	
	
@article{LethamRuMa13,
    author    = "Benjamin Letham and Cynthia Rudin and David Madigan",
    title     = "Sequential Event Prediction",
    journal={Machine Learning},
    volume = 93,
    issue={2--3},
    pages={357--380},
    year      = "2013"
}

@inproceedings{HugginsRu14, 
  title={A Statistical Learning Theory Framework for Supervised Pattern Discovery},
  author={Jonathan H. Huggins and Cynthia Rudin},
  year={2014},
  booktitle={In Proceedings of {SIAM} Conference on Data Mining {(SDM)}}
}

@ARTICLE{genmatch,
title = {Genetic Matching for Estimating Causal Effects: A General Multivariate Matching Method for Achieving Balance in Observational Studies},
author = {Diamond, Alexis and Sekhon, Jasjeet S.},
year = {2013},
journal = {The Review of Economics and Statistics},
volume = {95},
number = {3},
pages = {932-945}
}

@article{wager2017estimation,
  title={Estimation and inference of heterogeneous treatment effects using random forests},
  author={Wager, Stefan and Athey, Susan},
  journal={Journal of the American Statistical Association},
  number={just-accepted},
  year={2017},
  publisher={Taylor \& Francis}
}

@book{mielke2007permutation,
  title={Permutation methods: a distance function approach},
  author={Mielke Jr, Paul W and Berry, Kenneth J},
  year={2007},
  publisher={Springer Science \& Business Media}
}



@Article{lalonde,
  author={LaLonde, Robert J},
  title={{Evaluating the Econometric Evaluations of Training Programs with Experimental Data}},
  journal={American Economic Review},
  year=1986,
  volume={76},
  number={4},
  pages={604-620},
  month={September},
  keywords={},
  doi={},
  abstract={ This paper takes the results of an employment and training program thatwas run as a field experiment, in which the participants were randomlyassigned into a treatment or a control group, and compares these results to the estimates that might have been produced by an econometrician who evaluated the program using the same econometric procedures that have been used in the program evaluation literature. This comparison shows that many of these econometric procedures fail toreplicate the experimentally determined results, and suggests that researchers should be aware of the potential for specification errorsin other nonexperimental evaluations. Copyright 1986 by American Economic Association.},
  url={https://ideas.repec.org/a/aea/aecrev/v76y1986i4p604-20.html}}

@misc{website_dehejia,
  author = {Rajeev H. Dehejia and Sadek Wahba},
  title = {{Lalonde Data}},
  year = {1999--},
  url = "https://users.nber.org/~rdehejia/data/nswdata2.html/",
  note = {[Accessed: 2018-11-10]}
}

@article{Chipman10bart:bayesian,
    author = {Hugh A. Chipman and Edward I. George and Robert E. Mcculloch},
    title = {{BART}: Bayesian Additive Regression Trees},
    journal = {Annals of Applied Statistics},
    year = {2010},
    pages = {266--298}
}

@article{dehejia_wahba_nonexp,
 author = {Rajeev H. Dehejia and Sadek Wahba},
 journal = {Journal of the American Statistical Association},
 number = {448},
 pages = {1053--1062},
 publisher = {[American Statistical Association, Taylor & Francis, Ltd.]},
 title = {Causal Effects in Nonexperimental Studies: Reevaluating the Evaluation of Training Programs},
 volume = {94},
 year = {1999}
}

@Misc{scipy,
  author =    {Eric Jones and Travis Oliphant and Pearu Peterson and others},
  title =     {{SciPy}: Open source scientific tools for {Python}},
  year =      {2001--},
  url = "http://www.scipy.org/",
  note = {[Online; accessed 2018-11-10]}
}

@Inbook{Powell1994,
author="Powell, M. J. D.",
title="A Direct Search Optimization Method That Models the Objective and Constraint Functions by Linear Interpolation",
bookTitle="Advances in Optimization and Numerical Analysis",
year="1994",
publisher="Springer Netherlands",
address="Dordrecht",
pages="51--67",
}